%% This BibTeX bibliography file was created using BibDesk.
%% http://bibdesk.sourceforge.net/
% Encoding: UTF-8

@article{hubel1968,
  author    = {David H. Hubel and Torsten N. Wiesel},
  title     = {Receptive fields and functional architecture of monkey striate cortex},
  journal   = {The Journal of Physiology},
  year      = {1968},
  volume    = {195},
  number    = {1},
  pages     = {215--243}
}

@article{li2021survey,
  title={A survey of convolutional neural networks: analysis, applications, and prospects},
  author={Li, Zewen and Liu, Feng and Yang, Wei and Peng, Shao and Zhou, Junfeng},
  journal={IEEE Transactions on Neural Networks and Learning Systems},
  volume={33},
  number={12},
  pages={6999--7019},
  year={2021},
  publisher={IEEE}
}

@article{simonyan2014very,
  title={Very deep convolutional networks for large-scale image recognition},
  author={Simonyan, Karen and Zisserman, Andrew},
  journal={arXiv preprint arXiv:1409.1556},
  year={2014}
}

@inproceedings{he2015deep,
  title={Deep residual learning for image recognition},
  author={He, Kaiming and Zhang, Xiangyu and Ren, Shaoqing and Sun, Jian},
  booktitle={Proceedings of the IEEE conference on computer vision and pattern recognition (CVPR)},
  pages={770--778},
  year={2015}
}

@inproceedings{tan2019efficientnet,
  title={EfficientNet: Rethinking model scaling for convolutional neural networks},
  author={Tan, Mingxing and Le, Quoc V},
  booktitle={Proceedings of the 36th International Conference on Machine Learning (ICML)},
  pages={6105--6114},
  year={2019},
  organization={PMLR}
}

@article{zhao2024review,
  title={A Review of Convolutional Neural Networks in Computer Vision},
  author={Zhao, Xiang and Li, Ming and Wang, Jun},
  journal={Artificial Intelligence Review},
  year={2024},
  volume={57},
  number={3},
  pages={1459--1502},
  publisher={Springer},
  doi={10.1007/s10462-024-10599-x}
}

@book{goodfellow2016deep,
  title={Deep Learning},
  author={Goodfellow, Ian and Bengio, Yoshua and Courville, Aaron},
  year={2016},
  publisher={MIT Press}
}

@inproceedings{springenberg2015allcnn,
  title     = {Striving for Simplicity: The All Convolutional Net},
  author    = {Jost Tobias Springenberg and Alexey Dosovitskiy and Thomas Brox and Martin Riedmiller},
  booktitle = {International Conference on Learning Representations (ICLR), Workshop Track},
  year      = {2015},
  url       = {https://arxiv.org/abs/1412.6806}
}

@inproceedings{stergiou2021softpool,
  title     = {Refining Activation Downsampling with SoftPool},
  author    = {Alexandros Stergiou and Ronald Poppe and Grigorios Kalliatakis},
  booktitle = {Proceedings of the IEEE/CVF International Conference on Computer Vision (ICCV)},
  year      = {2021},
  pages     = {10371--10380},
  doi       = {10.1109/ICCV48922.2021.01022},
  url       = {https://arxiv.org/abs/2101.00440}
}

@inproceedings{howard2017mobilenets,
  title     = {MobileNets: Efficient Convolutional Neural Networks for Mobile Vision Applications},
  author    = {Andrew G. Howard and Menglong Zhu and Bo Chen and Dmitry Kalenichenko and Weijun Wang and Tobias Weyand and Marco Andreetto and Hartwig Adam},
  booktitle = {Proceedings of the IEEE Conference on Computer Vision and Pattern Recognition (CVPR)},
  year      = {2017},
  url       = {https://arxiv.org/abs/1704.04861}
}

@article{ji2013,
  author    = {Shuiwang Ji and Wei Xu and Ming Yang and Kai Yu},
  title     = {3D Convolutional Neural Networks for Human Action Recognition},
  journal   = {IEEE Transactions on Pattern Analysis and Machine Intelligence},
  volume    = {35},
  number    = {1},
  pages     = {221--231},
  year      = {2013},
  doi       = {10.1109/TPAMI.2012.59},
  issn      = {0162-8828},
  pmid      = {22392705},
  publisher = {IEEE}
}

@article{dicarlo2013,
  author    = {James J. DiCarlo and Davide Zoccolan and Nicole C. Rust},
  title     = {How Does the Brain Solve Visual Object Recognition?},
  journal   = {Neuron},
  volume    = {73},
  number    = {3},
  pages     = {415--434},
  year      = {2012},
  doi       = {10.1016/j.neuron.2012.01.010},
  publisher = {Elsevier}
}